<collection xmlns="http://www.loc.gov/MARC21/slim">
<record>
  <leader>01252nam0a22002531i 450 </leader>
  <controlfield tag="001">IT\ICCU\CNCE\067151</controlfield>
  <controlfield tag="005">20150319000000.0</controlfield>
  <datafield tag="012" ind1=" " ind2=" ">
    <subfield code="a">s.no laa- mao- e-ue (C) 1590 (Q)</subfield>
    <subfield code="2">fei</subfield>
  </datafield>
  <datafield tag="100" ind1=" " ind2=" ">
    <subfield code="a">20060907f1590        0itac0103    ba</subfield>
  </datafield>
  <datafield tag="101" ind1=" " ind2=" ">
    <subfield code="a">SPA</subfield>
  </datafield>
  <datafield tag="102" ind1=" " ind2=" ">
    <subfield code="a">IT</subfield>
  </datafield>
  <datafield tag="200" ind1="1" ind2=" ">
    <subfield code="a">Sermon de la sanctissima Trinidad que hizo ala sanctidad de nuestro muy sancto padre Xisto V pont. max. don Sancho de Sanduoual camerero del illustriss. card. Ascanio Colonna. Traduzido de lengua latina en castellana y dirigido alas muy illustres senoras donna Gostanza de Sandoual y donna Leonor Godinez</subfield>
  </datafield>
  <datafield tag="210" ind1=" " ind2=" ">
    <subfield code="a">En Roma</subfield>
    <subfield code="c">por Gaspar Ruspa</subfield>
    <subfield code="d">\non prima del 1590!</subfield>
  </datafield>
  <datafield tag="215" ind1=" " ind2=" ">
    <subfield code="a">\4! c.</subfield>
    <subfield code="d">4ʻ</subfield>
  </datafield>
  <datafield tag="300" ind1=" " ind2=" ">
    <subfield code="a">La data si ricava dall&apos;attivit ̉del tipografo</subfield>
  </datafield>
  <datafield tag="620" ind1=" " ind2=" ">
    <subfield code="a">IT</subfield>
    <subfield code="d">Roma</subfield>
  </datafield>
  <datafield tag="700" ind1=" " ind2="1">
    <subfield code="a">Sandoval,</subfield>
    <subfield code="b">Sancho : de</subfield>
    <subfield code="3">IT\ICCU\CNCA\008947</subfield>
  </datafield>
  <datafield tag="712" ind1="0" ind2="0">
    <subfield code="a">Ruspa, Gaspare</subfield>
    <subfield code="3">IT\ICCU\CNCT\001667</subfield>
    <subfield code="4">650</subfield>
  </datafield>
  <datafield tag="790" ind1=" " ind2="0">
    <subfield code="a">Sanctius</subfield>
    <subfield code="c"> : de#Sandoval</subfield>
    <subfield code="3">IT\ICCU\CNCA\023825</subfield>
    <subfield code="z">Sandoval, Sancho : de</subfield>
  </datafield>
  <datafield tag="790" ind1=" " ind2="1">
    <subfield code="a">Sandoval,</subfield>
    <subfield code="b">Sanchez : de</subfield>
    <subfield code="3">IT\ICCU\CNCA\023828</subfield>
    <subfield code="z">Sandoval, Sancho : de</subfield>
  </datafield>
  <datafield tag="801" ind1=" " ind2="3">
    <subfield code="a">IT</subfield>
    <subfield code="b">ICCU</subfield>
    <subfield code="c">20201115</subfield>
  </datafield>
  <datafield tag="899" ind1=" " ind2=" ">
    <subfield code="a">Biblioteca Apostolica Vaticana. Citt ̉del Vaticano</subfield>
    <subfield code="1">EX0001</subfield>
    <subfield code="2">ZCV 01</subfield>
  </datafield>
  <datafield tag="899" ind1=" " ind2=" ">
    <subfield code="a">Biblioteca nazionale centrale. Roma</subfield>
    <subfield code="1">RM0267</subfield>
    <subfield code="2">BVE CR</subfield>
  </datafield>
  <datafield tag="899" ind1=" " ind2=" ">
    <subfield code="a">British Library. London</subfield>
    <subfield code="1">UK0001</subfield>
  </datafield>
</record>
</collection>
